
@misc{michell_hyde_2012,
	title = {Hyde Park on Hudson},
	shorttitle = {All of our Flaws},
	author = {Michell, Roger},
	urldate = {2020-11-04},
	date = {2012-08-31},
}